@online{ecust,
author = {华东理工大学主页},
title = {学校简介},
year = {2014},
url = {http://www.ecust.edu.cn},
}
@online{pokemon,
author = {武藏 and 小次郎 and 喵喵},
title = {宠物小精灵火箭队台词},
year = {1996},
url = {http://pokemon.com},
}
@online{latex,
author = {wikipedia},
title = {LaTeX},
year = {2014},
url = {http://en.wikipedia.org/wiki/LaTeX},
}
@online{ecustack,
author = {华东理工教务处},
title = {教务处本科生毕业论文格式规范（2006年版）},
year = {2006},
url = {http://jwc.ecust.edu.cn},
}
@program{gbt,
  title={GBT7714-2005-BibTeX-Style},
  address={web},
  publisher={Github},
  year={2014},
  media={DK},
}